@book{bertsekas1995dynamic,
  title={Dynamic programming and optimal control},
  author={Bertsekas, Dimitri P},
  volume={1},
  number={2},
  year={1995},
  publisher={Athena scientific Belmont, MA}
}
@book{white2001markov,
  title={Markov decision processes},
  author={White, CC},
  year={2001},
  publisher={Springer}
}
@book{serfozo2009basics,
  title={Basics of applied stochastic processes},
  author={Serfozo, Richard},
  year={2009},
  publisher={Springer Science \& Business Media}
}
@book{swan2015blockchain,
  title={Blockchain: Blueprint for a new economy},
  author={Swan, Melanie},
  year={2015},
  publisher={" O'Reilly Media, Inc."}
}
@misc{nakamoto2008bitcoin,
  title={Bitcoin: a peer-to-peer electronic cash system},
  author={Nakamoto, Satoshi},
  year={2008}
}
@article{buterin2013ethereum,
  title={Ethereum white paper},
  author={Buterin, Vitalik},
  journal={GitHub repository},
  pages={22--23},
  year={2013}
}
@article{eyalmajority,
  title={Majority is not Enough: Bitcoin Mining is Vulnerable},
  author={Eyal, Ittay and Sirer, Emin G{\"u}n},
  year={2013}
}
@inproceedings{sapirshtein2016optimal,
  title={Optimal selfish mining strategies in bitcoin},
  author={Sapirshtein, Ayelet and Sompolinsky, Yonatan and Zohar, Aviv},
  booktitle={International Conference on Financial Cryptography and Data Security},
  pages={515--532},
  year={2016},
  organization={Springer}
}
@inproceedings{ritz2018impact,
  title={The impact of uncle rewards on selfish mining in ethereum},
  author={Ritz, Fabian and Zugenmaier, Alf},
  booktitle={2018 IEEE European Symposium on Security and Privacy Workshops (EuroS\&PW)},
  pages={50--57},
  year={2018},
  organization={IEEE}
}
@inproceedings{feng2019selfish,
  title={Selfish mining in ethereum},
  author={Feng, Chen and Niu, Jianyu},
  booktitle={2019 IEEE 39th International Conference on Distributed Computing Systems (ICDCS)},
  pages={1306--1316},
  year={2019},
  organization={IEEE}
}
@article{grunspan2019selfish,
  title={Selfish mining in ethereum},
  author={Grunspan, Cyril and P{\'e}rez-Marco, Ricardo},
  journal={arXiv preprint arXiv:1904.13330},
  year={2019}
}
@article{hou2019squirrl,
  title={SquirRL: Automating Attack Discovery on Blockchain Incentive Mechanisms with Deep Reinforcement Learning},
  author={Hou, Charlie and Zhou, Mingxun and Ji, Yan and Daian, Phil and Tramer, Florian and Fanti, Giulia and Juels, Ari},
  journal={arXiv preprint arXiv:1912.01798},
  year={2019}
}